@book{Schneider,
  author       = {Schneider, Peter},
  title        = {Einf√ºhrung in die Extragalaktische Astronomie und Kosmologie},
  date         = 2006,
  doi          = {10.1007/3-540-30589-0},
  isbn         = {978-3-540-25832-2},
  publisher    = {Springer Verlag},
  langid       = {german},
}

@book{Bartelmann,
  author       = {Bartelmann, Matthias},
  title        = {Das kosmologische Standardmodell},
  date         = 2019,
  doi          = {10.1007/978-3-662-59627-2},
  isbn         = {978-3-662-59626-5},
  publisher    = {Springer Verlag},
  langid       = {german},
}

@book{Mukhanov,
  author       = {Mukhanov, Viatcheslav},
  title        = {Physical Foundations of Cosmology},
  date         = 2005,
  doi          = {10.1017/CBO9780511790553},
  isbn         = {978-0-521-56398-7},
  publisher    = {Cambridge University Press},
  langid       = {english},
}

@article{Romeu,
  author       = {Romeu, Joan Arnau},
  title        = {Derivation of Friedman equations},
  year         = {2014},
  location     = {Universitat de Barcelona, Spain},
  url          = {http://hdl.handle.net/2445/59759}
}

@misc{Djorgovski,
  author       = {George Djorgovski},
  title        = {The Basics of the Relativistic Cosmology},
  year         = {2021},
  location     = {California Institute of Technology, USA},
  url          = {https://sites.astro.caltech.edu/~george/ay21/Ay21_Lec02.pdf}
}
